<?xml version="1.0" encoding="UTF-8"?><collection xmlns="http://www.loc.gov/MARC21/slim"><record><leader>00593nam--2200181-i-4500</leader><controlfield tag="001">000005372</controlfield><controlfield tag="002">20161230</controlfield><controlfield tag="005">20161230201026</controlfield><controlfield tag="008">060222s1000------------r-----000-0-eng-d</controlfield><datafield ind1=" " ind2=" " tag="040"><subfield code="a">IFIN-HH</subfield></datafield><datafield ind1=" " ind2=" " tag="080"><subfield code="a">533.6</subfield></datafield><datafield ind1="1" ind2=" " tag="100"><subfield code="a">Devienne, F.M</subfield></datafield><datafield ind1="1" ind2="0" tag="245"><subfield code="a">Rarefied gas dynamics</subfield><subfield code="b">Proceedings of the First International Symposium held at Nice</subfield><subfield code="c">F.M. Devienne (Ed.)</subfield></datafield><datafield ind1=" " ind2=" " tag="260"><subfield code="a">London, Pergamon Press, 1960</subfield></datafield><datafield ind1=" " ind2=" " tag="300"><subfield code="a">VI+442P</subfield></datafield><datafield ind1=" " ind2=" " tag="490"><subfield code="a">International Series On Aeronautical Sciences And Space Flight. Division Ix: Symposia</subfield><subfield code="v">vol. 3</subfield></datafield><datafield ind1=" " ind2=" " tag="852"><subfield code="a">13729</subfield><subfield code="c">533.6</subfield></datafield><datafield ind1=" " ind2=" " tag="CAT"><subfield code="a">Sys</subfield><subfield code="c">20100906</subfield><subfield code="h">112520</subfield></datafield></record></collection>